@article{DBLP:journals/ese/PonzanelliBPOL16,
  author    = {Luca Ponzanelli and
               Gabriele Bavota and
               Massimiliano Di Penta and
               Rocco Oliveto and
               Michele Lanza},
  title     = {Prompter - Turning the {IDE} into a self-confident programming assistant},
  journal   = {Empirical Software Engineering},
  volume    = {21},
  number    = {5},
  pages     = {2190--2231},
  year      = {2016},
  url       = {https://doi.org/10.1007/s10664-015-9397-1},
  doi       = {10.1007/s10664-015-9397-1},
  timestamp = {Thu, 15 Jun 2017 21:30:27 +0200},
  biburl    = {https://dblp.org/rec/bib/journals/ese/PonzanelliBPOL16},
  bibsource = {dblp computer science bibliography, https://dblp.org}
}


@inproceedings{DBLP:conf/icse/KimKBC0KT18,
  author    = {Kisub Kim and
               Dongsun Kim and
               Tegawend{\'{e}} F. Bissyand{\'{e}} and
               Eunjong Choi and
               Li Li and
               Jacques Klein and
               Yves Le Traon},
  title     = {FaCoY: a code-to-code search engine},
  booktitle = {Proceedings of the 40th International Conference on Software Engineering,
               {ICSE} 2018, Gothenburg, Sweden, May 27 - June 03, 2018},
  pages     = {946--957},
  year      = {2018},  
  url       = {https://doi.org/10.1145/3180155.3180187},
  doi       = {10.1145/3180155.3180187},
  timestamp = {Wed, 21 Nov 2018 12:43:59 +0100},
  biburl    = {https://dblp.org/rec/bib/conf/icse/KimKBC0KT18},
  bibsource = {dblp computer science bibliography, https://dblp.org}
}

@inproceedings{DBLP:conf/aics/ZhengPL18,
  author    = {Mengya Zheng and
               Xingyu Pan and
               David Lillis},
  title     = {CodEX: Source Code Plagiarism Detection Based on Abstract Syntax Tree},
  booktitle = {Proceedings for the 26th {AIAI} Irish Conference on Artificial Intelligence
               and Cognitive Science Trinity College Dublin, Dublin, Ireland, December
               6-7th, 2018.},
  pages     = {362--373},
  year      = {2018}, 
  url       = {http://ceur-ws.org/Vol-2259/aics\_33.pdf},
  timestamp = {Tue, 08 Jan 2019 17:34:19 +0100},
  biburl    = {https://dblp.org/rec/bib/conf/aics/ZhengPL18},
  bibsource = {dblp computer science bibliography, https://dblp.org}
}

@inproceedings{DBLP:conf/kbse/LvZLWZZ15,
  author    = {Fei Lv and
               Hongyu Zhang and
               Jian{-}Guang Lou and
               Shaowei Wang and
               Dongmei Zhang and
               Jianjun Zhao},
  title     = {CodeHow: Effective Code Search Based on {API} Understanding and Extended
               Boolean Model {(E)}},
  booktitle = {30th {IEEE/ACM} International Conference on Automated Software Engineering,
               {ASE} 2015, Lincoln, NE, USA, November 9-13, 2015},
  pages     = {260--270},
  year      = {2015},
  url       = {https://doi.org/10.1109/ASE.2015.42},
  doi       = {10.1109/ASE.2015.42},
  timestamp = {Thu, 10 Jan 2019 06:49:43 +0100},
  biburl    = {https://dblp.org/rec/bib/conf/kbse/LvZLWZZ15},
  bibsource = {dblp computer science bibliography, https://dblp.org}
}

@article{DBLP:journals/datamine/LinsteadBNRLB09,
  author    = {Erik Linstead and
               Sushil Krishna Bajracharya and
               Trung Chi Ngo and
               Paul Rigor and
               Cristina Videira Lopes and
               Pierre Baldi},
  title     = {Sourcerer: mining and searching internet-scale software repositories},
  journal   = {Data Min. Knowl. Discov.},
  volume    = {18},
  number    = {2},
  pages     = {300--336},
  year      = {2009},
  url       = {https://doi.org/10.1007/s10618-008-0118-x},
  doi       = {10.1007/s10618-008-0118-x},
  timestamp = {Sat, 20 May 2017 00:25:07 +0200},
  biburl    = {https://dblp.org/rec/bib/journals/datamine/LinsteadBNRLB09},
  bibsource = {dblp computer science bibliography, https://dblp.org}
}

@inproceedings{DBLP:conf/sigir/Henningen91,
  author    = {Scott Henningen},
  title     = {Retrieving Software Objects in an Example-Based Programming Environment},
  booktitle = {Proceedings of the 14th Annual International {ACM} {SIGIR} Conference
               on Research and Development in Information Retrieval. Chicago, Illinois,
               USA, October 13-16, 1991 (Special Issue of the {SIGIR} Forum).},
  pages     = {251--260},
  year      = {1991},
  url       = {https://doi.org/10.1145/122860.122886},
  doi       = {10.1145/122860.122886},
  timestamp = {Tue, 06 Nov 2018 11:07:25 +0100},
  biburl    = {https://dblp.org/rec/bib/conf/sigir/Henningen91},
  bibsource = {dblp computer science bibliography, https://dblp.org}
}

@inproceedings{DBLP:conf/sigsoft/HolmesWM05,
  author    = {Reid Holmes and
               Robert J. Walker and
               Gail C. Murphy},
  title     = {Strathcona example recommendation tool},
  booktitle = {Proceedings of the 10th European Software Engineering Conference held
               jointly with 13th {ACM} {SIGSOFT} International Symposium on Foundations
               of Software Engineering, 2005, Lisbon, Portugal, September 5-9, 2005},
  pages     = {237--240},
  year      = {2005}, 
  url       = {https://doi.org/10.1145/1081706.1081744},
  doi       = {10.1145/1081706.1081744},
  timestamp = {Tue, 06 Nov 2018 16:59:23 +0100},
  biburl    = {https://dblp.org/rec/bib/conf/sigsoft/HolmesWM05},
  bibsource = {dblp computer science bibliography, https://dblp.org}
}


